



%-------------------------- LITERATURA MAGISTRSKA --------------------------

%-------------------------- DOKUMENTACIJA ---------------------------------------
@misc{arc_howto,
	author = "Avery Pennarun",
	title = "{Linux ARCnet HOWTO}",
	howpublished = "Dosegljivo: \url{http://apenwarr.ca/arcnet/howto/index.html}",
	note = "[Dostopano: 6. 17. 2015]"
}
@misc{jr3_doc_ext,
	author = "JR3, INC.",
	title = "{JR3, Installation manual for force - torque sensors with external electronics}",
	howpublished = "Dosegljivo: \url{http://www.jr3.com/product-manuals.html}",
	note = "[Dostopano: 6. 17. 2015]"
}

@misc{jr3_doc_inst,
	author = "JR3, INC.",
	title = "JR3, DPS-based force sensor receivers, software and installation manual",
	howpublished = "{Dosegljivo: http://www.jr3.com/product-manuals.html}",
	note = "[Dostopano: 6. 17. 2015]"
}

@MANUAL{pa10-manual,
	title = "{Portable General Purpose Intelligent Arm - Operating Manual}",
	organization = "Mitsubishi Heavy Industries"
}



@MANUAL{arc_tutorial,
	title = "ARCNET Tutorial",
	organization = "Contemporary Controls",
}


@misc{arc_doc,
	author = "ARCNET Trade Association",
	title = "{ARCNET - An Embedded Real-Time Network}",
	howpublished = "{Dosegljivo: http://www.arcnet.com/abtarcs.htm}",
	note = "[Dostopano: 2. 7. 2015]"
}

%-------------------------- KNJIGE ---------------------------------------

@book{mihelj_vodenje,
	title={Vodenje robotov},
	author={Mihelj, Matja\v{z} and Bajd, Tadej and Munih, Marko},
	year={2011},
	publisher={Univerza v Ljubljani, Zalo{\v{z}}ba FE in FRI},
	address = {Ljubljana}
}

@book{zupancic_tr,
	title={Teorija regulacij},
	author={Zupan\v{c}i\v{c}, Borut},
	publisher={Univerza v Ljubljani, Zalo{\v{z}}ba FE in FRI},
	address = {Ljubljana}
}

@book{lenarcic_robotmeh,
	title={Robotski mehanizmi},
	author={Lenar\v{c}i\v{c}, Jadran and Bajd, Tadej},
	year={2003},
	publisher={Univerza v Ljubljani, Zalo{\v{z}}ba FE in FRI},
	address = {Ljubljana}
}

@book{mihelj_hapt,
	title={Vodenje robotov},
	author={Mihelj, Matja\v{z}},
	year={2011},
	publisher={Univerza v Ljubljani, Zalo{\v{z}}ba FE in FRI},
	address = {Ljubljana}
}

@book{bajd_robotika,
	title={Robotika},
	author={Bajd, Tadej and Mihelj, Matja\v{z} and Lenar\v{c}i\v{c}, Jadran and Stanovnik, Ale\v{s} and Munih, Marko},
	year={2008},
	publisher={Univerza v Ljubljani, Zalo{\v{z}}ba FE in FRI},
	address = {Ljubljana}
}

@book{craig_robintro,
	title={Introduction to Robotics},
	author={Craig, John J},
	year={2005},
	publisher={Pearson Education International},
	address = {Z.D.A.}
}

@book{siciliano_robot,
	title={Robotics, Modelling, Planning and Control},
	author={Siciliano, Bruno and Sciavicco, Lorenzo and Villani, Luigi and Oriolo, Giuseppe},
	year={2009},
	publisher={Springer},
	address = {London}
}

%-------------------------- CLANKI ---------------------------------------


@article{almassri_pressure_sensor,
	title={Pressure Sensor: State of the Art, Design, and Application for
	Robotic Hand},
	author={Almassri, Ahmed M. and Hasan, W. Z. Wan and Ahmad, S. A. and Ishak, A. J. and Ghazali, A. M. and Talib, D. N. and Wada, Chikamune},
	journal={Hindawi Publishing Corporation, Jurnal of Sensors},
	year={2014},
}

@article{omrcen_jr3,
	title={Meritev gibanja kolena z industrijskim robotom - avtomatska kompenzacija gravitacije prijemala},
	author={Omr?en, Damir and Nemec, Bojan},
	journal={Strojni?ki vestnik},
	pages={87 - 97},
	year={2002},
}

@article{eppinger_force_dynamics,
	title={Three Dynamic Problems in Robot Force Control},
	author={Eppinger, Steven D. and Seering, Warren P.},
	journal={IEEE Transactions on Robotics and Automation},
	year={1992},
	pages={751 - 758},
}

@article{bejczy_dynamics,
	title={Simplified robot arm dynamics for control},
	author={Bejczy, A. K. and Paul, R. P.},
	journal={Decision and Control including the Symposium on Adaptive Processes, 1981 20th IEEE Conference on },
	year={1981},
	pages={261-262},
	address = {San Diego}
}

@article{zlajpah_dynamics_red,
	title={Dynamics of Internal Motion of Redundant Manipulators},
	author={Leon ?lajpah},
	journal={IEEE},
	year={1997},
	pages={95 - 100},
	address = {Bzdabest}
}


@article{voung_pa10,
	title={Dynamic Model Identification for Industrial Robots},
	author={Vuong, Ngoc D. and Ang, Marcelo H. Jr.},
	journal={Acta Polytechnica Hungarica},
	year={2009},
	address = {Singapur}
}

@article{aalst_pa10,
	title={Dynamic identification of a Mitsubishi PA-10 robotic manipulator},
	author={van der Aalst, Ruud and Ang, Marcelo H. Jr. and Nijmeijer, Henk},
	journal={ICAR},
	year={1999},
	address = {Tokyo}
}

@article{rodrigo_pa10,
	title={Dynamics Identification and Control of an Industrial Robot},
	author={Jamisola, Rodrigo and Ang, Marcelo Jr. and Lim, Tao Ming and Khatib, Oussama and Lim, Ser Yong},
	journal={ICAR},
	year={1999},
	address = {Tokyo}
}

@article{mhi_pa10,
	title={Mitsubishi Clean Room Robot},
	journal={Mitsubishi Heavy Industries Ltd., Technical Review Vol.40 No.5},
	year={2003},
}

@article{petric_nevronska,
	title={Kompenzacija trenja in gravitacije na robotu Mitsubishi PA-10},
	author={Petri\v{c}, Tadej and Munih, Marko},
	journal={Seminarska naloga},
	year={2010},
	address = {Ljubljana}
}


%-------------------------- PREDLOGE ---------------------------------------

@book{juvznivc1992diplomska,
  title={Diplomska naloga: napotki za izdelavo},
  author={Ju{\v{z}}ni{\v{c}}, Stane and Marki{\v{c}}, Bo{\v{s}}tjan and Ju{\v{z}}ni{\v{c}}, Primo{\v{z}}},
  year={1992},
  publisher={Založba Amalietti \& Amalietti},
  address = {Ljubljana}
}

@article{miklavvcivc2010objavljanje,
  title={Objavljanje rezultatov raziskav--pisanje {\v{c}}lankov},
  author={Miklav{\v{c}}i{\v{c}}, Damijan},
  journal={Elektrotehni{\v{s}}ki vestnik},
  volume={77},
  number={1},
  pages={75--84},
  year={2010}
};


@book{oetiker1995not,
  title={Ne najkrajši uvod v LaTeX $2\varepsilon$, {The not so short introduction to {LaTeX} 2$\varepsilon$}},
  author={Oetiker, Tobias and Partl, Hubert and Hyna, Irene and Schlegl, Elisabeth},
  translator={Plestenjak, Bor},
  publisher={Elektronska verzija dostopna na http://www-lp.fmf.uni-lj.si/plestenjak/vaje/latex/lshort.pdf},
  note={Bor Plestenjak, Slovenski prevod in priredba},
  year={2006}
};

@ARTICLE{kuscer1996,
   author = "Ivan Kušèer",
   title = "O strokovnem pisanju",
   journal = "Obzornik",
   volume = {11},
   number = {1},
   pages = {73--79},
   year = {1996}
}


@misc{bor2006,
  author = "Bor Plestenjak",
  title = "Ne najkrajši uvod v {LaTeX} $2\varepsilon$ {[Online]}",
  howpublished = "Dosegljivo: \url{http://www-lp.fmf.uni-lj.si/plestenjak/vaje/latex/lshort.pdf}",
  note = "[Dostopano: 12. 6. 2013]"
}


@INPROCEEDINGS{amrozic2012,
   author = "Luka Ambrožiè and Roman Kamnik and Marko Munih",
   title = "Sledenje ravnotežnih parametrov pri hoji po stopnicah za vodenje robotske proteze",
   editor = "Baldomir Zajc and Andrej Trost",
   booktitle = "Zbornik enaidvajsete mednarodne Elektrotehniške in raèunalniške konference ERK 2012" # STOC,
   number = "B",
   pages = "119--122",
   month = september,
   year = 2012,
   address = "Portorož",
   organization = "",
   publisher = "Slovenska sekcija IEEE"
}

@misc{oven2013,
  author = "Zdenka Oven",
  title = "Navodila za sklicevanje (citiranje) in navajanje uporabljenih virov v {IEEE} naèinu",
  howpublished = "Dosegljivo: \url{http://www.fe.uni-lj.si/knjiznica/navajanje\_virov/}",
  note = "[Dostopano: 24. 10. 2013]"
}

@misc{murovec2013,
  author = "Bo\v{s}tjan Murovec",
  title = "Napotki za pisanje diplomskih nalog in drugih tehni\v{c}nih besedil",
  howpublished = "Dosegljivo: \url{http://lie.fe.uni-lj.si/Napotki\_TehnicnaBesedila.pdf}",
  note = "[Dostopano: 24. 10. 2013]"
}


@TECHREPORT{standard_sist_v,
   author = "",
   title = "Mednarodni slovar meroslovja - Osnovni in splošni koncepti ter z njimi
    povezanimi izrazi ({VIM})",
   institution = "SIST-V ISO/IEC Vodilo 99",
   type = "standard",
   year = 2012,
   note = "",
}


@TECHREPORT{standard_sist_80000,
   author = "",
   title = "Velièine in enote",
   institution = "SIST EN ISO 80000",
   type = "standard",
   year = 2013,
   note = "",
}




% ******** PREDLOGE ZA BIBTEX VNOSE ****************************


@ARTICLE{article-minimal,
   author = "Leslie A. Aamport",
   title = {The Gnats and Gnus Document Preparation System},
   journal = {\mbox{G-Animal's} Journal},
   year = 1986,
}

@ARTICLE{article-full,
   author = {L[eslie] A. Aamport},
   title = {The Gnats and Gnus Document Preparation System},
   journal = {\mbox{G-Animal's} Journal},
   year = 1986,
   volume = 41,
   number = 7,
   pages = "73+",
   month = jul,
   note = "This is a full ARTICLE entry",
}

@INBOOK{inbook-minimal,
   author = "Donald E. Knuth",
   title = "Fundamental Algorithms",
   publisher = "Addison-Wesley",
   year = "1973",
   chapter = "1.2",
}

@INBOOK{inbook-full,
   author = "Donald E. Knuth",
   title = "Fundamental Algorithms",
   volume = 1,
   series = "The Art of Computer Programming",
   publisher = "Addison-Wesley",
   address = "Reading, Massachusetts",
   edition = "Second",
   month = "10~" # jan,
   year = "1973",
   type = "Section",
   chapter = "1.2",
   pages = "10--119",
   note = "This is a full INBOOK entry",
}

@BOOK{book-minimal,
   author = "Donald E. Knuth",
   title = "Seminumerical Algorithms",
   publisher = "Addison-Wesley",
   year = "1981",
}

@BOOK{book-full,
   author = "Donald E. Knuth",
   title = "Seminumerical Algorithms",
   volume = 2,
   series = "The Art of Computer Programming",
   publisher = "Addison-Wesley",
   address = "Reading, Massachusetts",
   edition = "Second",
   month = "10~" # jan,
   year = "1981",
   note = "This is a full BOOK entry",
}

@BOOK{whole-set,
   author = "Donald E. Knuth",
   publisher = "Addison-Wesley",
   title = "The Art of Computer Programming",
   series = "Four volumes",
   year = "1968",
   note = "Seven volumes planned (this is a cross-referenced set of BOOKs)",
}

@BOOKLET{booklet-minimal,
   title = "The Programming of Computer Art",
}

@BOOKLET{booklet-full,
   author = "Jill C. Knvth",
   title = "The Programming of Computer Art",
   howpublished = "Vernier Art Center",
   address = "Stanford, California",
   month = feb,
   year = 1988,
   note = "This is a full BOOKLET entry",
}

@INCOLLECTION{incollection-minimal,
   author = "Daniel D. Lincoll",
   title = "Semigroups of Recurrences",
   booktitle = "High Speed Computer and Algorithm Organization",
   publisher = "Academic Press",
   year = 1977,
}

@INCOLLECTION{incollection-full,
   author = "Daniel D. Lincoll",
   title = "Semigroups of Recurrences",
   editor = "David J. Lipcoll and D. H. Lawrie and A. H. Sameh",
   booktitle = "High Speed Computer and Algorithm Organization",
   number = 23,
   series = "Fast Computers",
   chapter = 3,
   type = "Part",
   pages = "179--183",
   publisher = "Academic Press",
   address = "New York",
   edition = "Third",
   month = sep,
   year = 1977,
   note = "This is a full INCOLLECTION entry",
}

@BOOK{whole-collection,
   editor = "David J. Lipcoll and D. H. Lawrie and A. H. Sameh",
   title = "High Speed Computer and Algorithm Organization",
   booktitle = "High Speed Computer and Algorithm Organization",
   number = 23,
   series = "Fast Computers",
   publisher = "Academic Press",
   address = "New York",
   edition = "Third",
   month = sep,
   year = 1977,
   note = "This is a cross-referenced BOOK (collection) entry",
}

@MANUAL{manual-minimal,
   key = "Manmaker",
   title = "The Definitive Computer Manual",
}

@MANUAL{manual-full,
   author = "Larry Manmaker",
   title = "The Definitive Computer Manual",
   organization = "Chips-R-Us",
   address = "Silicon Valley",
   edition = "Silver",
   month = apr # "-" # may,
   year = 1986,
   note = "This is a full MANUAL entry",
}

@MASTERSTHESIS{mastersthesis-minimal,
   author = "{\'{E}}douard Masterly",
   title = "Mastering Thesis Writing",
   school = "Stanford University",
   year = 1988,
}

@MASTERSTHESIS{mastersthesis-full,
   author = "{\'{E}}douard Masterly",
   title = "Mastering Thesis Writing",
   school = "Stanford University",
   type = "Master's project",
   address = "English Department",
   month = jun # "-" # aug,
   year = 1988,
   note = "This is a full MASTERSTHESIS entry",
}

@MISC{misc-minimal,
   key = "Missilany",
   note = "This is a minimal MISC entry",
}

@MISC{misc-full,
   author = "Joe-Bob Missilany",
   title = "Handing out random pamphlets in airports",
   howpublished = "Handed out at O'Hare",
   month = oct,
   year = 1984,
   note = "This is a full MISC entry"
}


@STRING{ACM = "The Association for Computing Machinery"}

@STRING{STOC = " Symposium on the Theory of Computing"}

@INPROCEEDINGS{inproceedings-minimal,
   author = "Alfred V. Oaho and Jeffrey D. Ullman and Mihalis Yannakakis",
   title = "On Notions of Information Transfer in {VLSI} Circuits",
   booktitle = "Proc. Fifteenth Annual ACM" # STOC,
   year = 1983,
}

@INPROCEEDINGS{inproceedings-full,
   author = "Alfred V. Oaho and Jeffrey D. Ullman and Mihalis Yannakakis",
   title = "On Notions of Information Transfer in {VLSI} Circuits",
   editor = "Wizard V. Oz and Mihalis Yannakakis",
   booktitle = "Proc. Fifteenth Annual ACM" # STOC,
   number = 17,
   series = "All ACM Conferences",
   pages = "133--139",
   month = mar,
   year = 1983,
   address = "Boston",
   organization = ACM,
   publisher = "Academic Press",
   note = "This is a full INPROCEDINGS entry",
}

@INPROCEEDINGS{inproceedings-crossref,
   crossref = "whole-proceedings",
   author = "Alfred V. Oaho and Jeffrey D. Ullman and Mihalis Yannakakis",
   title = "On Notions of Information Transfer in {VLSI} Circuits",
   organization = "",
   pages = "133--139",
   note = "This is a cross-referencing INPROCEEDINGS entry",
}

@PROCEEDINGS{proceedings-minimal,
   key = STOC-key,
   title = "Proc. Fifteenth Annual" # STOC,
   year = 1983,
}

@PROCEEDINGS{proceedings-full,
   editor = "Wizard V. Oz and Mihalis Yannakakis",
   title = "Proc. Fifteenth Annual" # STOC,
   number = 17,
   series = "All ACM Conferences",
   month = mar,
   year = 1983,
   address = "Boston",
   organization = ACM,
   publisher = "Academic Press",
   note = "This is a full PROCEEDINGS entry",
}

@PROCEEDINGS{whole-proceedings,
   key = STOC-key,
   organization = ACM,
   title = "Proc. Fifteenth Annual" # STOC,
   address = "Boston",
   year = 1983,
   booktitle = "Proc. Fifteenth Annual ACM" # STOC,
   note = "This is a cross-referenced PROCEEDINGS",
}

@PHDTHESIS{phdthesis-minimal,
   author = "F. Phidias Phony-Baloney",
   title = "Fighting Fire with Fire: Festooning {F}rench Phrases",
   school = "Fanstord University",
   year = 1988,
}

@PHDTHESIS{phdthesis-full,
   author = "F. Phidias Phony-Baloney",
   title = "Fighting Fire with Fire: Festooning {F}rench Phrases",
   school = "Fanstord University",
   type = "{PhD} Dissertation",
   address = "Department of French",
   month = jun # "-" # aug,
   year = 1988,
   note = "This is a full PHDTHESIS entry",
}

@TECHREPORT{techreport-minimal,
   author = "Tom Terrific",
   title = "An {$O(n \log n / \! \log\log n)$} Sorting Algorithm",
   institution = "Fanstord University",
   year = 1988,
}

@TECHREPORT{techreport-full,
   author = "Tom T{\'{e}}rrific",
   title = "An {$O(n \log n / \! \log\log n)$} Sorting Algorithm",
   institution = "Fanstord University",
   type = "Wishful Research Result",
   number = "7",
   address = "Computer Science Department, Fanstord, California",
   month = oct,
   year = 1988,
   note = "This is a full TECHREPORT entry",
}

@UNPUBLISHED{unpublished-minimal,
   author = "Ulrich {\"{U}}nderwood and Ned {\~N}et and Paul {\={P}}ot",
   title = "Lower Bounds for Wishful Research Results",
   note = "Talk at Fanstord University (this is a minimal UNPUBLISHED entry)",
};

@UNPUBLISHED{unpublished-full,
   author = "Ulrich {\"{U}}nderwood and Ned {\~N}et and Paul {\={P}}ot",
   title = "Lower Bounds for Wishful Research Results",
   month = nov # ", " # dec,
   year = 1988,
   note = "Talk at Fanstord University (this is a full UNPUBLISHED entry)"
};

% web page citation
@misc{web_page,
  author = "LLC",
  title = "{MS Windows NT Kernel Description [Online]}",
  howpublished = "Dosegljivo: \url{http://web.archive.org}",
  note = "[Dostopano: 19. 4. 2013]"
}


@ARTICLE{key,
AUTHOR  = " ",
TITLE   = " ",
JOURNAL = " ",
VOLUME = " ",
MONTH  = "" ,
NUMBER = " ",
YEAR    = " ",
PAGES  = " "
};

@INPROCEEDINGS{key2,
AUTHOR    = " ",
TITLE     = " ",
BOOKTITLE = " ",
ADDRESS   = " ",
MONTH     = " ",
YEAR      = " ",
PAGES     = " "
};


@BOOK{key3,
AUTHOR    = " ",
TITLE     = " ",
PUBLISHER = " ",
ADDRESS   = " ",
YEAR      = " "
};
